<record><leader>00000cas a2200000 a 4500</leader><controlfield tag="001">30904777</controlfield><controlfield tag="008">940808d196219uuiluwr ne      0   a0eng c</controlfield><datafield ind1=" " ind2=" " tag="010"><subfield code="a">sn 94054544 </subfield></datafield><datafield ind1=" " ind2=" " tag="040"><subfield code="a">NVF</subfield><subfield code="b">eng</subfield><subfield code="c">NVF</subfield><subfield code="d">CVF</subfield><subfield code="d">NVF</subfield><subfield code="d">OCLCQ</subfield><subfield code="d">OCLCF</subfield><subfield code="d">OCLCO</subfield><subfield code="d">NVF</subfield></datafield><datafield ind1=" " ind2=" " tag="042"><subfield code="a">pcc</subfield></datafield><datafield ind1=" " ind2=" " tag="043"><subfield code="a">n-us-il</subfield></datafield><datafield ind1="0" ind2=" " tag="130"><subfield code="a">Record (Hoffman Estates, Ill.)</subfield></datafield><datafield ind1="1" ind2="4" tag="245"><subfield code="a">The record.</subfield></datafield><datafield ind1="1" ind2=" " tag="246"><subfield code="i">Published as:</subfield><subfield code="a">Hoffman Estates record</subfield><subfield code="f">&lt;Nov. 26, 1969&gt;-Sept. 16, 1970</subfield></datafield><datafield ind1="1" ind2=" " tag="246"><subfield code="i">Published as:</subfield><subfield code="a">Record of Hoffman Estates</subfield><subfield code="f">Apr. 21, 1971-Apr. 4, 1973</subfield></datafield><datafield ind1=" " ind2=" " tag="250"><subfield code="a">Hoffman Estates ed. /</subfield><subfield code="b">&lt;Sept. 1, 1965&gt;-&lt;May 2, 1973&gt;.</subfield></datafield><datafield ind1=" " ind2=" " tag="260"><subfield code="a">Hoffman Estates, Ill. :</subfield><subfield code="b">Associates Pub. Co.,</subfield><subfield code="c">1962-[19--?]</subfield></datafield><datafield ind1="3" ind2=" " tag="260"><subfield code="3">Sept. 1, 1965-Nov. 2, 1966 ; Apr. 13-&lt;May 2&gt;, 1973</subfield><subfield code="a">Schaumburg, Ill.</subfield></datafield><datafield ind1=" " ind2=" " tag="300"><subfield code="a">v.</subfield></datafield><datafield ind1=" " ind2=" " tag="310"><subfield code="a">Weekly</subfield></datafield><datafield ind1="0" ind2=" " tag="362"><subfield code="a">Vol. 1, no. 1 (Nov. 29, 1962)-</subfield></datafield><datafield ind1=" " ind2=" " tag="500"><subfield code="a">Editor: David R. Mann.</subfield></datafield><datafield ind1=" " ind2=" " tag="515"><subfield code="a">Issue for Vol. 1, no. 6 (Jan. 3, 1963) erroneously designated as v. 1, no. 6 (Jan. 3, 1962).</subfield></datafield><datafield ind1=" " ind2=" " tag="588"><subfield code="a">Latest issue consulted: Vol. 1, no. 8 (May 2, 1973).</subfield></datafield><datafield ind1=" " ind2="0" tag="651"><subfield code="a">Hoffman Estates (Ill.)</subfield><subfield code="v">Newspapers.</subfield></datafield><datafield ind1=" " ind2="7" tag="651"><subfield code="a">Illinois</subfield><subfield code="z">Hoffman Estates.</subfield><subfield code="2">fast</subfield><subfield code="0">(OCoLC)fst01219104</subfield></datafield><datafield ind1=" " ind2="7" tag="655"><subfield code="a">Newspapers.</subfield><subfield code="2">fast</subfield><subfield code="0">(OCoLC)fst01423814</subfield></datafield><datafield ind1=" " ind2=" " tag="752"><subfield code="a">United States</subfield><subfield code="b">Illinois</subfield><subfield code="c">Cook County</subfield><subfield code="d">Hoffman Estates.</subfield></datafield><datafield ind1=" " ind2=" " tag="752"><subfield code="a">United States</subfield><subfield code="b">Illinois</subfield><subfield code="c">Cook County</subfield><subfield code="d">Schaumburg.</subfield></datafield><datafield ind1="1" ind2=" " tag="029"><subfield code="a">AU@</subfield><subfield code="b">000011250126</subfield></datafield></record>